%% This BibTeX bibliography file was created using BibDesk.
%% http://bibdesk.sourceforge.net/


%% Created for Maïeul at 2014-03-15 21:21:12 +0100 


%% Saved with string encoding Unicode (UTF-8) 



@book{LeClerc1686,
	Annote = {noter que l'ouvrage n'est pas publié sous le nom de Jean Le Clerc},
	Date-Added = {2014-03-15 17:03:06 +0100},
	Date-Modified = {2014-03-15 21:21:11 +0100},
	Keywords = {a verifier},
	Publisher = {Henry Desbordes},
	Realauthor = {Jean le Clerc},
	Title = {Défense des sentimens De quelques Théologiens de Hollande sur l'histoire critique du Vieux Testament contre la réponse du Prieur de Bolleville},
	Year = {1686}}

@book{Simon1686,
	Address = {Rotterdam},
	Annote = {comment on note que c'est Richard Simon},
	Author = {{Prieur de Bolleville}},
	Date-Added = {2014-03-15 16:21:12 +0100},
	Date-Modified = {2014-03-15 21:20:26 +0100},
	Keywords = {a verifier},
	Publisher = {Reinier Leers},
	Realauthor = {Richard Simon},
	Title = {Réponse au livre intitulé sentimens de quelques Theologiens de Hollande sur l'Histoire Critique du Vieux Testament},
	Year = {1686}}
