@book{LeClerc1686,
	Publisher = {Henry Desbordes},
	Realauthor = {Jean le Clerc},
	Title = {Défense des sentimens 
	  De quelques Théologiens de Hollande 
	  sur l'histoire critique du Vieux Testament 
	  contre la réponse du Prieur de Bolleville},
	Year = {1686}}

@book{Simon1686,
	Address = {Rotterdam},
	Author = {{Prieur de Bolleville}},
	Publisher = {Reinier Leers},
	Realauthor = {Richard Simon},
	Title = {Réponse au livre intitulé 
	 sentimens de quelques Theologiens de Hollande
	 sur l'Histoire Critique du Vieux Testament},
	Year = {1686}}
